@misc{chimera,
Author = {David Viennot},
Title = {Chaos et chim√®res quantiques},
note = {last visit : November 11, 2020}
}

@article{josephson,
Author = {Kurt Wiesenfeld, Pere Colet, Steven H. Strogatz},
Title = {Frequency locking in Josephson arrays: Connection with the Kuramoto model},
month = {February},
year = {1998},
volume = {57},
number = {2}
}
